@article{Akbarzadeh2017,
   author = {Akbarzadeh, M. and Memarmontazerin, S. and Derrible, S. and Reihani, S.F.S.},
   title = {The role of travel demand and network centrality on the connectivity and resilience of an urban street system},
 journal={Transportation},
  pages={1--15},
  year={2017},
  publisher={Springer}
}

@Manual{Allaire2018rticles,
    title = {rticles: Article Formats for R Markdown},
    author = {JJ Allaire and Yihui Xie and {R Foundation} and Hadley Wickham and {Journal of Statistical Software} and Ramnath  Vaidyanathan and {Association for Computing Machinery} and Carl Boettiger and {Elsevier} and Karl Broman and Kirill Mueller and Bastiaan Quast and Randall  Pruim and Ben Marwick and Charlotte Wickham and Oliver Keyes and Miao Yu and Daniel Emaasit and Thierry Onkelinx and Alessandro Gasparini and Marc-Andre Desautels and Dominik Leutnant and {MDPI} and Oğuzhan Öğreden and Dalton Hance and Daniel Nüst},
    year = {2018},
    note = {R package version 0.6},
    url = {https://CRAN.R-project.org/package=rticles},
  }

@article{miller1991modelling,
  title={Modelling accessibility using space-time prism concepts within geographical information systems},
  author={Miller, Harvey J},
  journal={International Journal of Geographical Information System},
  volume={5},
  number={3},
  pages={287--301},
  year={1991},
  publisher={Taylor \& Francis}
}

 @InCollection{knitr2014,
    booktitle = {Implementing Reproducible Computational Research},
    editor = {Victoria Stodden and Friedrich Leisch and Roger D. Peng},
    title = {knitr: A Comprehensive Tool for Reproducible Research in {R}},
    author = {Yihui Xie},
    publisher = {Chapman and Hall/CRC},
    year = {2014},
    note = {ISBN 978-1466561595},
    url = {http://www.crcpress.com/product/isbn/9781466561595},
  }

@article{jeon2019cruise,
  title={Cruise port centrality and spatial patterns of cruise shipping in the Asian market},
  author={Jeon, Jun-Woo and Duru, Okan and Yeo, Gi-Tae},
  journal={Maritime Policy \& Management},
  volume={46},
  number={3},
  pages={257--276},
  year={2019},
  publisher={Taylor \& Francis}
}

@article{ma2019topology,
  title={Why topology matters in predicting human activities},
  author={Ma, Ding and Omer, Itzhak and Osaragi, Toshihiro and Sandberg, Mats and Jiang, Bin},
  journal={Environment and Planning B: Urban Analytics and City Science},
  volume={46},
  number={7},
  pages={1297--1313},
  year={2019},
  publisher={SAGE Publications Sage UK: London, England}
}

@article{loder2019understanding,
  title={Understanding traffic capacity of urban networks},
  author={Loder, Allister and Amb{\"u}hl, Lukas and Menendez, Monica and Axhausen, Kay W},
  journal={Scientific reports},
  volume={9},
  number={1},
  pages={1--10},
  year={2019},
  publisher={Nature Publishing Group}
}

@article{farber2013social,
  title={The social interaction potential of metropolitan regions: A time-geographic measurement approach using joint accessibility},
  author={Farber, Steven and Neutens, Tijs and Miller, Harvey J and Li, Xiao},
  journal={Annals of the Association of American Geographers},
  volume={103},
  number={3},
  pages={483--504},
  year={2013},
  publisher={Taylor \& Francis}
}

@article{fransen2015commuter,
  title={A commuter-based two-step floating catchment area method for measuring spatial accessibility of daycare centers},
  author={Fransen, Koos and Neutens, Tijs and De Maeyer, Philippe and Deruyter, Greet},
  journal={Health \& place},
  volume={32},
  pages={65--73},
  year={2015},
  publisher={Elsevier}
}

@article{widener2013using,
  title={Using urban commuting data to calculate a spatiotemporal accessibility measure for food environment studies},
  author={Widener, Michael J and Farber, Steven and Neutens, Tijs and Horner, Mark W},
  journal={Health \& place},
  volume={21},
  pages={1--9},
  year={2013},
  publisher={Elsevier}
}


@article{wang2020road,
  title={Road network structure and ride-sharing accessibility: A network science perspective},
  author={Wang, Mingshu and Chen, Zheyan and Mu, Lan and Zhang, Xuan},
  journal={Computers, environment and urban systems},
  volume={80},
  pages={101430},
  year={2020},
  publisher={Elsevier}
}

@article{liu2017spatial,
  title={Spatial inequality in the southeast Asian intercity transport network},
  author={Liu, Xingjian and Dai, Liang and Derudder, Ben},
  journal={Geographical review},
  volume={107},
  number={2},
  pages={317--335},
  year={2017},
  publisher={Wiley Online Library}
}

@article{hennemann2014alternative,
  title={An alternative approach to the calculation and analysis of connectivity in the world city network},
  author={Hennemann, Stefan and Derudder, Ben},
  journal={Environment and Planning B: Planning and Design},
  volume={41},
  number={3},
  pages={392--412},
  year={2014},
  publisher={SAGE Publications Sage UK: London, England}
}

@article{crucitti2006centrality,
  title={Centrality measures in spatial networks of urban streets},
  author={Crucitti, Paolo and Latora, Vito and Porta, Sergio},
  journal={Physical Review E},
  volume={73},
  number={3},
  pages={036125},
  year={2006},
  publisher={APS}
}

@article{gao2013understanding,
  title={Understanding urban traffic-flow characteristics: a rethinking of betweenness centrality},
  author={Gao, Song and Wang, Yaoli and Gao, Yong and Liu, Yu},
  journal={Environment and Planning B: Planning and Design},
  volume={40},
  number={1},
  pages={135--153},
  year={2013},
  publisher={SAGE Publications Sage UK: London, England}
}

@book{Anselin1988,
   author = {Anselin, Luc},
   title = {Spatial Econometrics: Methods and Models},
   publisher = {Kluwer},
   address = {Dordrecht},
   year = {1988},
   type = {Book}
}

@article{Apparicio2007,
   author = {Apparicio, P. and Cloutier, M. S. and Shearmur, R.},
   title = {The case of Montreal's missing food deserts: Evaluation of accessibility to food supermarkets},
   journal = {International Journal of Health Geographics},
   volume = {6},
   pages = {1-13},
   year = {2007},
   type = {Journal Article}
}


@article{Apparicio2008,
  title={Comparing alternative approaches to measuring the geographical accessibility of urban health services: Distance types and aggregation-error issues},
  author={Apparicio, Philippe and Abdelmajid, Mohamed and Riva, Myl{\`e}ne and Shearmur, Richard},
  journal={International journal of health geographics},
  volume={7},
  number={1},
  pages={7},
  year={2008},
  publisher={BioMed Central}
}

@article{Apparicio2017,
   author = {Apparicio, P. and Gelb, J. and Dube, A. S. and Kingham, S. and Gauvin, L. and Robitaille, E.},
   title = {The approaches to measuring the potential spatial access to urban health services revisited: distance types and aggregation-error issues},
   journal = {International Journal of Health Geographics},
   volume = {16},
   ISSN = {1476-072X},
   DOI= {10.1186/s12942-017-0105-9},
   url = {<Go to ISI>://WOS:000408781400001},
   year = {2017},
   type = {Journal Article}
}

@Book{Baddeley2015spatial,
  title = {Spatial Point Patterns: Methodology and Applications with {R}},
  author = {Baddeley, A. and E. Rubak and R. Turner},
  year = {2015},
  publisher = {Chapman and Hall/CRC Press},
  address = {London},
  url = {http://www.crcpress.com/Spatial-Point-Patterns-Methodology-and-Applications-with-R/Baddeley-Rubak-Turner/9781482210200/},
}

@article{Bauer2016,
   author = {Bauer, J. and Groneberg, D. A.},
   title = {Measuring Spatial Accessibility of Health Care Providers - Introduction of a Variable Distance Decay Function within the Floating Catchment Area (FCA) Method},
   journal = {Plos One},
   volume = {11},
   number = {7},
   ISSN = {1932-6203},
   DOI= {10.1371/journal.pone.0159148},
   url = {<Go to ISI>://WOS:000380005400215},
   year = {2016},
   type = {Journal Article}
}

@article{Balijepalli2014,
archivePrefix = {arXiv},
arxivId = {ISSN 0966-6923},
author = {Balijepalli, Ch. and Oppong, O.},
doi = {10.1016/j.jtrangeo.2014.06.025},
eprint = {ISSN 0966-6923},
isbn = {0966-6923},
issn = {09666923},
journal = {Journal of Transport Geography},
keywords = {Degraded network,Emergency response plan,Serviceability,Traffic diversion plan,Traffic network modelling,Vulnerability},
pages = {145--155},
title = {{Measuring vulnerability of road network considering the extent of serviceability of critical road links in urban areas}},
volume = {39},
year = {2014}
}
@article{barabasi1999,
  title={Emergence of scaling in random networks},
  author={Barab{\'a}si, A.L. and R{\'e}ka, A.},
  journal={science},
  volume={286},
  number={5439},
  pages={509--512},
  year={1999},
  publisher={American Association for the Advancement of Science}
}

@article{Bauer2017,
   author = {Bauer, J. and Muller, P. and Maier, W. and Groneberg, D. A.},
   title = {Orthopedic workforce planning in Germany - an analysis of orthopedic accessibility},
   journal = {Plos One},
   volume = {12},
   number = {2},
   pages = {15},
   ISSN = {1932-6203},
   DOI= {10.1371/journal.pone.0171747},
   url = {<Go to ISI>://WOS:000393712500066},
   year = {2017},
   type = {Journal Article}
}

@article{Bell2013,
  title={Access to primary health care: does neighborhood of residence matter?},
  author={Bell, Scott and Wilson, Kathi and Bissonnette, Laura and Shah, Tayyab},
  journal={Annals of the Association of American Geographers},
  volume={103},
  number={1},
  pages={85--105},
  year={2013},
  publisher={Taylor \& Francis}
}

@proceedings{BenAkiva1977accessibility,
   title={Disaggregate travel and mobility choice models and measures of accessibility},
   author={Ben-Akiva, M. and Lerman, S.R.},
   booktitle={Third International Conference on Behavioural Travel Modelling, Tanenda, Australia.},
   year = {1977},
   type = {Conference Paper}
}

@article{Berdica2002,
author = {Berdica, K.},
journal = {Transport Policy},
number = {2},
pages = {117--127},
title = {{An introduction to road vulnerability: What has been done, is done and should be done}},
volume = {9},
year = {2002}
}

@Manual{Bivand2019maptools,
    title = {maptools: Tools for Handling Spatial Objects},
    author = {Bivand, R. and Lewin-Koh, N.},
    year = {2019},
    note = {R package version 0.9-5},
    url = {https://CRAN.R-project.org/package=maptools},
  }
  
@Manual{Bivand2019rgdal,
    title = {rgdal: Bindings for the 'Geospatial' Data Abstraction Library},
    author = {Bivand, R. and Keitt,T. and Rowlingson, B.},
    year = {2019},
    note = {R package version 1.4-4},
    url = {https://CRAN.R-project.org/package=rgdal},
  }

@article{Black1977,
   author = {Black, J. and Conroy, M.},
   title = {Accessibility measures and the social evaluation of urban structure},
   journal = {Environment and Planning A},
   volume = {9},
   number = {9},
   pages = {1013-1031},
   ISSN = {0308-518X},
   year = {1977},
   type = {Journal Article}
}

@article{Borgatti2005,
  title={Centrality and network flow},
  author={Borgatti, Stephen P},
  journal={Social networks},
  volume={27},
  number={1},
  pages={55--71},
  year={2005},
  }


@article{Newman2005,
  title={A measure of betweenness centrality based on random walks},
  author={Newman, Mark EJ},
  journal={Social networks},
  volume={27},
  number={1},
  pages={39--54},
  year={2005},
  }

@article{Borgatti2006,
  title={A graph-theoretic perspective on centrality},
  author={Borgatti, S.P. and Everett, M.G.},
  journal={Social networks},
  volume={28},
  number={4},
  pages={466--484},
  year={2006},
  }

@inproceedings{Geisberger2008,
  title={Better approximation of betweenness centrality},
  author={Geisberger, R. and Sanders, P. and Schultes, D.},
  booktitle={Proceedings of the Meeting on Algorithm Engineering \& Expermiments},
  pages={90--100},
  year={2008},
  organization={Society for Industrial and Applied Mathematics}
}

@article{Brandes2008,
  title={On variants of shortest-path betweenness centrality and their generic computation},
  author={Brandes, U.},
  journal={Social Networks},
  volume={30},
  number={2},
  pages={136--145},
  year={2008},
  }


@article{Carrothers1956historical,
  title={An historical bedew of the gravity and potential concepts of human interaction},
  author={Carrothers, Gerald AP},
  journal={Journal of the American Institute of Planners},
  volume={22},
  number={2},
  pages={94--102},
  year={1956},
  publisher={Taylor \& Francis}
}

@article{Lowry2014,
  title={Spatial interpolation of traffic counts based on origin--destination centrality},
  author={Lowry, M.},
  journal={Journal of Transport Geography},
  volume={36},
  pages={98--105},
  year={2014},
  }

@article{Wang2011,
  title={Street centrality and land use intensity in Baton Rouge, Louisiana},
  author={Wang, Fahui and Antipova, Anzhelika and Porta, Sergio},
  journal={Journal of Transport Geography},
  volume={19},
  number={2},
  pages={285--293},
  year={2011},
  }

@article{Wang2011air,
  title={Exploring the network structure and nodal centrality of China’s air transport network: A complex network approach},
  author={Wang, Jiaoe and Mo, Huihui and Wang, Fahui and Jin, Fengjun},
  journal={Journal of Transport Geography},
  volume={19},
  number={4},
  pages={712--721},
  year={2011},
  }

@article{Cats2017,
  title={Topological evolution of a metropolitan rail transport network: The case of Stockholm},
  author={Cats, Oded},
  journal={Journal of Transport Geography},
  volume={62},
  pages={172--183},
  year={2017},
}

@book{bivand2008applied,
  title={Applied spatial data analysis with R},
  author={Bivand, R.S. and Pebesma, E.J. and G{\'o}mez-Rubio, V.},
  volume={747248717},
  year={2008},
  publisher={Springer}
}

@article{Borgatti2005centrality,
  title={Centrality and network flow},
  author={Borgatti, S.P.},
  journal={Social networks},
  volume={27},
  number={1},
  pages={55--71},
  year={2005},
 }

@article{Brandes2001,
   author = {Brandes, U.},
   title = {A faster algorithm for betweenness centrality},
   journal = {Journal of Mathematical Sociology},
   volume = {25},
   number = {2},
   pages = {163-177},
   ISSN = {0022-250X},
   DOI= {10.1080/0022250x.2001.9990249},
   url = {<Go to ISI>://WOS:000171753600002},
   year = {2001},
   type = {Journal Article}
}



@article{CIHI2018,
   author = {Canadian Institute for Health Information},
   title = {Number of Physicians by Province/Territory and Specialty},
   year = {2018},
   type = {Report},
   publisher = {Canadian Institute for Health Information},
}

@article{Chang2001,
author = {Chang, Stephanie E and Nojima, Nobuoto},
doi = {10.1016/S0965-8564(00)00003-3},
issn = {09658564},
journal = {Transportation Research Part A: Policy and Practice},
month = {jul},
number = {6},
pages = {475--494},
title = {{Measuring post-disaster transportation system performance: the 1995 Kobe earthquake in comparative perspective}},
volume = {35},
year = {2001}
}

@article{Chen2017,
   author = {Chen, X.},
   title = {Take the edge off: A hybrid geographic food access measure},
   journal = {Applied Geography},
   volume = {87},
   pages = {149-159},
   ISSN = {0143-6228},
   DOI= {10.1016/j.apgeog.2017.07.013},
   url = {<Go to ISI>://WOS:000412788400014},
   year = {2017},
   type = {Journal Article}
}

@article{Chen2007,
author = {Chen, A. and Yang, C. and Kongsomsaksakul, S. and Lee, M.},
doi = {10.1007/s11067-006-9012-5},
isbn = {1874-463X},
issn = {1566113X},
journal = {Networks and Spatial Economics},
keywords = {Accessibility,Combined travel demand model,Randomutility,Vulnerability analysis},
number = {3},
pages = {241--256},
title = {{Network-based acessibility measures for vulnerability analysis of degradable transportation networks}},
volume = {7},
year = {2007}
}

@article{Cheung2008,
  title={A reappraisal of the intervening opportunities model of commuter behaviour},
  author={Cheung, C. and Black, J.},
  journal={Road \& Transport Research: A Journal of Australian and New Zealand Research and Practice},
  volume={17},
  number={2},
  pages={3},
  year={2008},
  publisher={ARRB Group Ltd}
}

@article{igraph,
  title={The igraph software package for complex network research},
  author={Csardi, G. and Nepusz, T.},
  journal={InterJournal, Complex Systems},
  volume={1695},
  number={5},
  pages={1--9},
  year={2006}
}

@article{Dai2010,
  title={Black residential segregation, disparities in spatial access to health care facilities, and late-stage breast cancer diagnosis in metropolitan Detroit},
  author={Dai, Dajun},
  journal={Health \& place},
  volume={16},
  number={5},
  pages={1038--1052},
  year={2010},
  }

@article{Dai2011,
   author = {Dai, D. J. and Wang, F. H.},
   title = {Geographic disparities in accessibility to food stores in southwest Mississippi},
   journal = {Environment and Planning B-Planning and Design},
   volume = {38},
   number = {4},
   pages = {659-677},
   ISSN = {0265-8135},
   DOI= {10.1068/b36149},
   url = {<Go to ISI>://WOS:000294576600006},
   year = {2011},
   type = {Journal Article}
}

@book{Degenne1999,
   author = {Degenne, A. and Fors, M.},
   title = {Introducing Social Networks},
   publisher = {SAGE Publications},
   address = {London},
   series = {Introducing Statistical Methods},
   year = {1999},
   type = {Book}
}

@article{Delamater2013,
   author = {Delamater, P. L.},
   title = {Spatial accessibility in suboptimally configured health care systems: A modified two-step floating catchment area (M2SFCA) metric},
   journal = {Health and Place},
   volume = {24},
   pages = {30-43},
   ISSN = {1353-8292},
   DOI= {10.1016/j.healthplace.2013.07.012},
   url = {<Go to ISI>://WOS:000326985300006},
   year = {2013},
   type = {Journal Article}
}

@article{Demsar2008,
author = {Dem{\v{s}}ar, U. and {\v{S}}patenkov{\'{a}}, O. and Virrantaus, K.},
doi = {10.1111/j.1467-9671.2008.01086.x},
isbn = {1467-9671},
issn = {13611682},
journal = {Transactions in GIS},
keywords = {Critical locations,Graph theory,Spatial networks,Structural analysis of networks},
number = {1},
pages = {61--82},
title = {{Identifying critical locations in a spatial network with graph theory}},
volume = {12},
year = {2008}
}

@article{Dony2015,
   author = {Dony, C. C. and Delmelle, E. M. and Delmelle, E. C.},
   title = {Re-conceptualizing accessibility to parks in multi-modal cities: A Variable-width Floating Catchment Area (VFCA) method},
   journal = {Landscape and Urban Planning},
   volume = {143},
   pages = {90-99},
   ISSN = {0169-2046},
   DOI= {10.1016/j.landurbplan.2015.06.011},
   url = {<Go to ISI>://WOS:000362614900010},
   year = {2015},
   type = {Journal Article}
}

@article{Duan2014,
author = {Duan, Y. and Lu, F.},
doi = {10.1016/j.physa.2014.05.073},
isbn = {9789401792059},
issn = {03784371},
journal = {Physica A: Statistical Mechanics and its Applications},
pages = {21--34},
title = {{Robustness analysis of city road network at different granularities}},
url = {http://dx.doi.org/10.1016/j.physa.2014.05.073},
volume = {411},
year = {2014}
}

@article{Evans2017,
   author = {Evans, R. and Larkins, S. and Cheffins, T. and Fleming, R. and Johnston, K. and Tennant, M.},
   title = {Mapping access to health services as a strategy for planning: access to primary care for older people in regional Queensland},
   journal = {Australian Journal of Primary Health},
   volume = {23},
   number = {2},
   pages = {114-122},
   ISSN = {1448-7527},
   DOI= {10.1071/py15175},
   url = {<Go to ISI>://WOS:000399318900003},
   year = {2017},
   type = {Journal Article}
}

@article{Farber2010,
   author = {Farber, S. and Páez, A.},
   title = {Employment status and commute distance of Canadians with disabilities},
   journal = {Transportation},
   volume = {37},
   number = {6},
   pages = {931-952},
   ISSN = {0049-4488},
   DOI= {10.1007/s11116-010-9268-y},
   url = {<Go to ISI>://000283072300006},
   year = {2010},
   type = {Journal Article}
}

@article{Freeman1979,
  title={Centrality in social networks: II. Experimental results},
  author={Freeman, L.C. and Roeder, D. and Mulholland, R.R.},
  journal={Social networks},
  volume={2},
  number={2},
  pages={119--141},
  year={1979},
}

@article{Freeman1977,
  title={A set of measures of centrality based on betweenness},
  author={Freeman, L.C.},
  journal={Sociometry},
  pages={35--41},
  year={1977},
  publisher={JSTOR}
}


@article{Frost1995,
   author = {Frost, M.E. and Spence, N.A.},
   title = {The rediscovery of accessibility and economic potential: the critical issue of self-potential},
   journal = {Environment and Planning A},
   volume = {27},
   number = {11},
   pages = {1833-1848},
   ISSN = {0308-518X},
   year = {1995},
   type = {Journal Article}
}

@article{Fujita2017,
   author = {Fujita, M. and Sato, Y. and Nagashima, K. and Takahashi, S. and Hata, A.},
   title = {Impact of geographic accessibility on utilization of the annual health check-ups by income level in Japan: A multilevel analysis},
   journal = {PLoS One},
   volume = {12},
   number = {5},
   pages = {14},
   ISSN = {1932-6203},
   DOI= {10.1371/journal.pone.0177091},
   url = {<Go to ISI>://WOS:000401314000043},
   year = {2017},
   type = {Journal Article}
}

@article{Geurs2004,
   author = {Geurs, K.T. and van Wee, B.},
  title={Accessibility evaluation of land-use and transport strategies: review and research directions},
  author={Geurs, Karst T and Van Wee, Bert},
  journal={Journal of Transport geography},
  volume={12},
  number={2},
  pages={127--140},
  year={2004},
  }

@article{Girvan2002community,
author = {Girvan, M. and Newman, M. E. J.},
journal = {Proceedings of the National Academy of Sciences},
month = {jun},
number = {12},
pages = {7821--7826},
title = {{Community structure in social and biological networks}},
volume = {99},
year = {2002}
}

@book{Griffith1988,
   author = {Griffith, D. A.},
   title = {Advanced Spatial Statistics: Special Topics in the Exploration of Quantitative Spatial Data Series},
   publisher = {Kluwer},
   address = {Dordrecht},
   year = {1988},
   type = {Book}
}

@article{Guagliardo2004,
   author = {Guagliardo, M. F.},
   title = {Spatial accessibility of primary care: concepts, methods and challenges},
   journal = {International Journal of Health Geographics},
   volume = {3},
   number = {3},
   pages = {1-13},
     year = {2004},
   type = {Journal Article}
}

@article{Hagerstrand1970people,
   author = {Hägerstrand, T.},
   title = {What about people in regional science?},
   journal = {Papers of the Regional Science Association},
   volume = {24},
   pages = {7-21},
   year = {1970},
   type = {Journal Article}
}



@article{Handy1997,
   author = {Handy, S. and Niemeier, D.},
   title = {Measuring Accessibility: An Exploration of Issues and Alternatives},
   journal = {Environment and Planning A},
   volume = {29},
   number = {7},
   pages = {1175-1194},
   year = {1997},
   type = {Journal Article}
}

@article{Hanson1987,
author = {Hanson, S. and Schwab, M.},
doi = {10.1068/a190735},
issn = {0308-518X},
journal = {Environment and Planning A},
month = {jun},
number = {6},
pages = {735--748},
title = {{Accessibility and Intraurban Travel}},
url = {http://journals.sagepub.com/doi/10.1068/a190735},
volume = {19},
year = {1987}
}

@article{Holme2002,
archivePrefix = {arXiv},
arxivId = {cond-mat/0202410},
author = {Holme, P. and Kim, B.J. and Yoon C.N. and Han, S.K.},
doi = {10.1103/PhysRevE.65.056109},
eprint = {0202410},
isbn = {1539-3755 (Print)},
issn = {1063651X},
journal = {Physical Review E - Statistical Physics, Plasmas, Fluids, and Related Interdisciplinary Topics},
number = {5},
pages = {14},
pmid = {12059649},
primaryClass = {cond-mat},
title = {{Attack vulnerability of complex networks}},
volume = {65},
year = {2002}
}

@article{Horner2002extensions,
  title={Extensions to the concept of excess commuting},
  author={Horner, M.W.},
  journal={Environment and Planning A: Economy and Space},
  volume={34},
  number={3},
  pages={543--566},
  year={2002},
  publisher={SAGE Publications Sage UK: London, England}
}

@article{Ionescu2007,
  title={Continuity of primary care and emergency department utilization among elderly people},
  author={Ionescu-Ittu, Raluca and McCusker, Jane and Ciampi, Antonio and Vadeboncoeur, Alain-Michel and Roberge, Dani{\`e}le and Larouche, Danielle and Verdon, Jos{\'e}e and Pineault, Raynald},
  journal={Canadian Medical Association Journal},
  volume={177},
  number={11},
  pages={1362--1368},
  year={2007},
  publisher={Can Med Assoc}
}

@article{Jia2017,
  title={Using a Huff-based model to delineate hospital service areas},
  author={Jia, Peng and Wang, Fahui and Xierali, Imam M},
  journal={The professional geographer},
  volume={69},
  number={4},
  pages={522--530},
  year={2017},
  publisher={Taylor \& Francis}
}

@article{Joseph1982,
  title={Measuring potential physical accessibility to general practitioners in rural areas: a method and case study},
  author={Joseph, Alun E and Bantock, Peter R},
  journal={Social science \& medicine},
  volume={16},
  number={1},
  pages={85--90},
  year={1982},
  publisher={Elsevier}
}

@article{Kim2018,
   author = {Kim, Y. and Byon, Y. J. and Yeo, H.},
   title = {Enhancing healthcare accessibility measurements using GIS: A case study in Seoul, Korea},
   journal = {Plos One},
   volume = {13},
   number = {2},
   pages = {19},
   ISSN = {1932-6203},
   DOI= {10.1371/journal.pone.0193013},
   url = {<Go to ISI>://WOS:000425554200043},
   year = {2018},
   type = {Journal Article}
}



@article{Kwan1998,
   author = {Kwan, M.P.},
   title = {Space-time and integral measures of individual accessibility: A comparative analysis using a point-based framework},
   journal = {Geographical Analysis},
   volume = {30},
   number = {3},
   pages = {191-216},
   ISSN = {0016-7363},
     year = {1998},
   type = {Journal Article}
}

@article{Knight2009does,
  title={Does higher continuity of family physician care reduce hospitalizations in elderly people with diabetes?},
  author={Knight, John C and Dowden, Jeffrey J and Worrall, Graham J and Gadag, Veerabhadra G and Murphy, Madonna M},
  journal={Population health management},
  volume={12},
  number={2},
  pages={81--86},
  year={2009},
  publisher={Mary Ann Liebert, Inc. 140 Huguenot Street, 3rd Floor New Rochelle, NY 10801 USA}
}

@article{Laberge2017costs,
   author = {Laberge, M. and Wodchis, W. P. and Barnsley, J. and Laporte, A.},
   title = {Costs of health care across primary care models in Ontario},
   journal = {Bmc Health Services Research},
   volume = {17},
   ISSN = {1472-6963},
   DOI= {10.1186/s12913-017-2455-1},
   url = {<Go to ISI>://WOS:000406661000002},
   year = {2017},
   type = {Journal Article}
}

@article{Langford2006,
  title={Measuring potential access to primary healthcare services: the influence of alternative spatial representations of population},
  author={Langford, Mitchel and Higgs, Gary},
  journal={The Professional Geographer},
  volume={58},
  number={3},
  pages={294--306},
  year={2006},
  publisher={Taylor and Francis}
}

@article{Langford2012,
   author = {Langford, M. and Fry, R. and Higgs, G.},
   title = {Measuring transit system accessibility using a modified two-step floating catchment technique},
   journal = {International Journal of Geographical Information Science},
   volume = {26},
   number = {2},
   pages = {193-214},
   ISSN = {1365-8816},
   DOI= {10.1080/13658816.2011.574140},
   url = {<Go to ISI>://WOS:000300611200001},
   year = {2012},
   type = {Journal Article}
}

@article{Langford2016,
   author = {Langford, M. and Higgs, G. and Fry, R.},
   title = {Multi-modal two-step floating catchment area analysis of primary health care accessibility},
   journal = {Health and Place},
   volume = {38},
   pages = {70-81},
   ISSN = {1353-8292},
   DOI= {10.1016/j.healthplace.2015.11.007},
   url = {<Go to ISI>://WOS:000371316500010},
   year = {2016},
   type = {Journal Article}
}

@article{Liao2017accessibility,
   author = {Liao, F. X. and van Wee, B.},
   title = {Accessibility measures for robustness of the transport system},
   journal = {Transportation},
   volume = {44},
   number = {5},
   pages = {1213-1233},
   ISSN = {0049-4488},
   DOI = {10.1007/s11116-016-9701-y},
   url = {<Go to ISI>://WOS:000408439000019},
   year = {2017},
   type = {Journal Article}
}

@article{Lin2013complex,
   author = {Lin, J. Y. and Ban, Y. F.},
   title = {Complex Network Topology of Transportation Systems},
   journal = {Transport Reviews},
   volume = {33},
   number = {6},
   pages = {658-685},
   ISSN = {0144-1647},
   DOI = {10.1080/\-01441647.2013.848955},
   url = {<Go to ISI>://WOS:000327422100003},
   year = {2013},
   type = {Journal Article}
}



@article{Lopez2017spatial,
   author = {Lopez, Fernando A. and P{\'{a}}ez, Antonio},
   title = {Spatial clustering of high-tech manufacturing and knowledge-intensive service firms in the Greater Toronto Area},
   journal = {Canadian Geographer-Geographe Canadien},
   volume = {61},
   number = {2},
   pages = {240-252},
   ISSN = {0008-3658},
   DOI = {10.1111/cag.12326},
   url = {<Go to ISI>://WOS:000405290100016},
   year = {2017},
   type = {Journal Article}
}

@article{Lopez2017,
author = {L{\'{o}}pez, F.A. and P{\'{a}}ez, A. and Carrasco, J.A. and Ruminot, N.A.},
doi = {10.1016/j.jtrangeo.2017.02.002},
issn = {09666923},
journal = {Journal of Transport Geography},
keywords = {Autocorrelation,Networks,Simulation,Topology,Vulnerability},
pages = {77--87},
title = {{Vulnerability of nodes under controlled network topology and flow autocorrelation conditions}},
url = {http://dx.doi.org/10.1016/j.jtrangeo.2017.02.002},
volume = {59},
year = {2017}
}

@article{Luo2014,
  title={Integrating the Huff model and floating catchment area methods to analyze spatial access to healthcare services},
  author={Luo, Jun},
  journal={Transactions in GIS},
  volume={18},
  number={3},
  pages={436--448},
  year={2014},
  publisher={Wiley Online Library}
}

@article{Luo2016,
   author = {Luo, J.},
   title = {Analyzing Potential Spatial Access to Primary Care Services with an Enhanced Floating Catchment Area Method},
   journal = {Cartographica},
   volume = {51},
   number = {1},
   pages = {12-24},
   ISSN = {0317-7173},
   DOI= {10.3138/cart.51.1.3230},
   url = {<Go to ISI>://WOS:000371166500002},
   year = {2016},
   type = {Journal Article}
}

@article{Luo2004,
  title={Using a GIS-based floating catchment method to assess areas with shortage of physicians},
  author={Luo, Wei},
  journal={Health and Place},
  volume={10},
  number={1},
  pages={1--11},
  year={2004},
  publisher={Elsevier}
}

@article{Luo2009,
   author = {Luo, W. and Qi, Y.},
   title = {An enhanced two-step floating catchment area (E2SFCA) method for measuring spatial accessibility to primary care physicians},
   journal = {Health and Place},
   volume = {15},
   number = {4},
   pages = {1100-1107},
   ISSN = {1353-8292},
   url = {ISI:000270348400023
C:/Papers/Health and Place/Health and Place (2009) 15 (4) 1100-1107.pdf},
   year = {2009},
   type = {Journal Article}
}

@article{Luo2003,
   author = {Luo, W. and Wang, F. H.},
   title = {Measures of spatial accessibility to health care in a GIS environment: synthesis and a case study in the Chicago region},
   journal = {Environment and Planning B-Planning and Design},
   volume = {30},
   number = {6},
   pages = {865-884},
   ISSN = {0265-8135},
   url = {ISI:000187989500005
C:/Papers/Environment and Planning B/EPB (2003) 30 (6) 865-885.pdf},
   year = {2003},
   type = {Journal Article}
}

@article{Luo2012,
   author = {Luo, W. and Whippo, T.},
   title = {Variable catchment sizes for the two-step floating catchment area (2SFCA) method},
   journal = {Health and Place},
   volume = {18},
   number = {4},
   pages = {789-795},
   ISSN = {1353-8292},
   DOI= {10.1016/j.healthplace.2012.04.002},
   url = {<Go to ISI>://WOS:000305084800013},
   year = {2012},
   type = {Journal Article}
}



@article{Mao2013,
   author = {Mao, L. and Nekorchuk, D.},
   title = {Measuring spatial accessibility to healthcare for populations with multiple transportation modes},
   journal = {Health and Place},
   volume = {24},
   pages = {115-122},
   ISSN = {1353-8292},
   DOI= {10.1016/j.healthplace.2013.08.008},
   url = {<Go to ISI>://WOS:000326985300015},
   year = {2013},
   type = {Journal Article}
}
@article{Mattsson2015,
author = {Mattsson, L.G. and Jenelius, E.},
doi = {10.1016/j.tra.2015.06.002},
isbn = {0965-8564},
issn = {09658564},
journal = {Transportation Research Part A: Policy and Practice},
keywords = {Disruption,Graph theory,Reliability,Resilience,Transport networks,Vulnerability},
pages = {16--34},
pmid = {237803800001},
title = {{Vulnerability and resilience of transport systems - A discussion of recent research}},
volume = {81},
year = {2015}
}
@article{McGrail2012,
   author = {McGrail, M. R.},
   title = {Spatial accessibility of primary health care utilising the two step floating catchment area method: an assessment of recent improvements},
   journal = {International Journal of Health Geographics},
   volume = {11},
   pages = {12},
   ISSN = {1476-072X},
   DOI= {10.1186/1476-072x-11-50},
   url = {<Go to ISI>://WOS:000312250600001},
   year = {2012},
   type = {Journal Article}
}

@article{McGrail2009,
   author = {McGrail, M. R. and Humphreys, J. S.},
   title = {Measuring spatial accessibility to primary care in rural areas: Improving the effectiveness of the two-step floating catchment area method},
   journal = {Applied Geography},
   volume = {29},
   number = {4},
   pages = {533-541},
   ISSN = {0143-6228},
   DOI= {10.1016/j.apgeog.2008.12.003},
   url = {<Go to ISI>://WOS:000271256000007},
   year = {2009},
   type = {Journal Article}
}

@article{McGrail2009index,
  title={The index of rural access: an innovative integrated approach for measuring primary care access},
  author={McGrail, Matthew R and Humphreys, John S},
  journal={BMC Health Services Research},
  volume={9},
  number={1},
  pages={124},
  year={2009},
  publisher={BioMed Central}
}

@article{McGrail2014,
   author = {McGrail, M. R. and Humphreys, J. S.},
   title = {Measuring spatial accessibility to primary health care services: Utilising dynamic catchment sizes},
   journal = {Applied Geography},
   volume = {54},
   pages = {182-188},
   ISSN = {0143-6228},
   DOI= {10.1016/j.apgeog.2014.08.005},
   url = {<Go to ISI>://WOS:000343689900017},
   year = {2014},
   type = {Journal Article}
}

@article{Menec2006,
  title={Does continuity of care with a family physician reduce hospitalizations among older adults?},
  author={Menec, Verena H and Sirski, Monica and Attawar, Dhiwya and Katz, Alan},
  journal={Journal of Health Services Research and Policy},
  volume={11},
  number={4},
  pages={196--201},
  year={2006},
  publisher={SAGE Publications Sage UK: London, England}
}

@article{Neutens2014spatial,
   author = {Neutens, T. and Daniels, S. and Minnen, J. and Glorieux, I. and De Maeyer, P. and Van de Weghe, N.},
   title = {Spatial and temporal fluctuations in individual accessibility: a comparative analysis among subgroups of the population},
   journal = {Geografisk Tidsskrift-Danish Journal of Geography},
   volume = {114},
   number = {2},
   pages = {119-131},
   ISSN = {0016-7223},
   DOI = {10.1080/21662282.2013.863547},
   url = {<Go to ISI>://WOS:000348430700003},
   year = {2014},
   type = {Journal Article}
}

@article{Ngui2011,
   author = {Ngui, Andre and Apparicio, Philippe},
   title = {Optimizing the two-step floating catchment area method for measuring spatial accessibility to medical clinics in Montreal},
   journal = {Bmc Health Services Research},
   volume = {11},
   number = {166},
   ISSN = {1472-6963},
   url = {http://www.biomedcentral.com/1472-6963/11/166},
   year = {2011},
   type = {Journal Article}
}

@article{Ni2015,
   author = {Ni, J. H. and Wang, J. Y. and Rui, Y. K. and Qian, T. L. and Wang, J. C.},
   title = {An Enhanced Variable Two-Step Floating Catchment Area Method for Measuring Spatial Accessibility to Residential Care Facilities in Nanjing},
   journal = {International Journal of Environmental Research and Public Health},
   volume = {12},
   number = {11},
   pages = {14490-14504},
   ISSN = {1660-4601},
   DOI= {10.3390/ijerph121114490},
   url = {<Go to ISI>://WOS:000365645500058},
   year = {2015},
   type = {Journal Article}
}

@article{Jenelius2006,
author = {Jenelius, E. and Petersen, T. and Mattsson, L.G.},
doi = {10.1016/j.tra.2005.11.003},
isbn = {0965-8564},
issn = {09658564},
journal = {Transportation Research Part A: Policy and Practice},
keywords = {Contingency planning,Road network topology,Travel reliability,Vulnerability index},
number = {7},
pages = {537--560},
pmid = {20357050},
title = {{Importance and exposure in road network vulnerability analysis}},
volume = {40},
year = {2006}
}

@article{OECD2018,
   author = {OECD},
   title = {OECD Health Statistics 2018},
   year = {2018},
   type = {Report},
   publisher = {Paris, France: Organization for Economic Cooperation and Development},
}

@article{Oliveira2014,
author = {de Oliveira, E. L. and da Silva Portugal, L.and Junior, W.P.},
journal = {Procedia -- Social and Behavioral Sciences},
pages = {158--167},
title = {{Determining Critical Links in a Road Network: Vulnerability and Congestion Indicators}},
volume = {162},
year = {2014}
}

@misc{Ontario1991,
   volume = {S.o. 1991, c. 30},
   year = {1991, Medicine Act, S.O. 1991, c. 30},
   type = {Government of Ontario}
}

@article{OMalley2015,
   author = {O'Malley, A. S. and Rich, E. C. and Maccarone, A. and DesRoches, C. M. and Reid, R. J.},
   title = {Disentangling the Linkage of Primary Care Features to Patient Outcomes: A Review of Current Literature, Data Sources, and Measurement Needs},
   journal = {Journal of General Internal Medicine},
   volume = {30},
   number = {3},
   pages = {576-585},
   year = {2015},
   type = {Journal Article},
}

@book{Ortuzar2001,
   author = {Ortúzar, J. D. and Willumsen, L. G.},
   title = {Modelling Transport},
   publisher = {Wiley},
   address = {New York},
   volume = {Third Edition},
   year = {2001},
   type = {Book}
}

@article{Paez2019demand,
   author = {P{\'{a}}ez, A. and Higgins, C.D. and Vivona, S.F.},
   title = {Demand and level of service inflation in Floating Catchment Area (FCA) methods},
   journal = {PloS one},
   volume = {14},
   number = {6},
   pages = {e0218773},
   ISSN = {1932-6203},
   DOI= {10.1371/journal.pone.0218773},
   url = {<Go to ISI>://MEDLINE:31246984},
   year = {2019},
   type = {Journal Article}
}



@article{Paez2010fooddeserts,
   author = {P{\'{a}}ez, A. and Mercado, R.G. and Farber, S. and Morency, C. and Roorda, M.},
   title = {Relative Accessibility Deprivation Indicators for Urban Settings: Definitions and Application to Food Deserts in Montreal},
   journal = {Urban Studies},
   volume = {47},
   number = {7},
   pages = {1415-1438},
   ISSN = {0042-0980},
   DOI= {10.1177/0042098009353626},
   year = {2010},
   type = {Journal Article}
}



@article{Paez2010healthcare,
   author = {P{\'{a}}ez, A. and Mercado, R. G. and Farber, S. and Morency, C. and Roorda, M.},
   title = {Accessibility to health care facilities in Montreal Island: an application of relative accessibility indicators from the perspective of senior and non-senior residents},
   journal = {International Journal of Health Geographics},
   volume = {9},
   ISSN = {1476-072X},
   DOI= {10.1186/1476-072x-9-52},
   url = {<Go to ISI>://WOS:000284357000001},
   year = {2010},
   type = {Journal Article}
}

@article{Paez2012positive,
   author = {P{\'{a}}ez, A. and Scott, D. M. and Morency, C.},
   title = {Measuring accessibility: positive and normative implementations of various accessibility indicators},
   journal = {Journal of Transport Geography},
   volume = {25},
   pages = {141-153},
   ISSN = {0966-6923},
   DOI= {10.1016/j.jtrangeo.2012\-.03.016},
   url = {<Go to ISI>://WOS:000310942700014},
   year = {2012},
   type = {Journal Article}
}

@article{Paez2013jobs,
   author = {Páez, Antonio and Farber, Steven and Mercado, Ruben and Roorda, Matthew and Morency, Catherine},
   title = {Jobs and the Single Parent: An Analysis of Accessibility to Employment in Toronto},
   journal = {Urban Geography},
   volume = {34},
   number = {6},
   pages = {815-842},
   ISSN = {0272-3638},
   DOI = {10.1080/02723638.2013.778600},
   url = {http://www.tandfonline.com/doi/abs/10.1080/02723638.2013.778600},
   year = {2013},
   type = {Journal Article}
}



@article{Polzin2014,
   author = {Polzin, P. and Borges, J. and Coelho, A.},
   title = {An extended kernel density two-step floating catchment area method to analyze access to health care},
   journal = {Environment and Planning B-Planning and Design},
   volume = {41},
   number = {4},
   pages = {717-735},
   ISSN = {0265-8135},
   DOI= {10.1068/b120050p},
   url = {<Go to ISI>://WOS:000341161100008},
   year = {2014},
   type = {Journal Article}
}

@article{Rcore,
  title={R: A language and environment for statistical computing},
  author={R, Core Team},
  year={2013},
  publisher={Vienna, Austria}
}

@article{Radke2000,
   author = {Radke, J. and Mu, L.},
   title = {Spatial decomposition, modeling and mapping service regions to predict access to social programs},
   journal = {Annals of Geographic Information Sciences},
   volume = {6},
   number = {2},
   pages = {105-112},
   year = {2000},
   type = {Journal Article}
}

@article{Ravenstein1889laws,
  title={The laws of migration},
  author={Ravenstein, Ernest George},
  journal={Journal of the royal statistical society},
  volume={52},
  number={2},
  pages={241--305},
  year={1889},
  publisher={JSTOR}
}

@article{Reggiani2009network,
   author = {Reggiani, A. and Signoretti, S. and Nijkamp, P. and Cento, A.},
   title = {Network Measures in Civil Air Transport: A Case Study of Lufthansa},
   journal = {Lecture Notes in Economics and Mathematical Systems},
   volume = {613},
   pages = {257-282},
   ISSN = {0075-8442},
   url = {ISI:000263416000014
C:/Papers/Lecture Notes in Economics and Mathematical Systems/Lecture Notes in Economics and Mathematical Systems (2009) 613 257-282.pdf},
   year = {2009},
   type = {Journal Article}
}



@article{Reggiani2015,
archivePrefix = {arXiv},
arxivId = {arXiv:1011.1669v3},
author = {Reggiani, A. and Nijkamp, P. and Lanzi, D.},
doi = {10.1016/j.tra.2014.12.012},
eprint = {arXiv:1011.1669v3},
isbn = {0965-8564},
issn = {09658564},
journal = {Transportation Research Part A: Policy and Practice},
keywords = {Accessibility,Connectivity,Resilience,Transport networks,Vulnerability},
pages = {4--15},
pmid = {25623332},
title = {{Transport resilience and vulnerability: The role of connectivity}},
url = {http://dx.doi.org/10.1016/j.tra.2014.12.012},
volume = {81},
year = {2015}
}


@misc{Reilly1953law,
  title={The Law of Retail Gravity},
  author={Reilly, WJ},
  year={1953},
  publisher={New York: Pilsbury Publishers}
}

@article{Reyes2014,
   author = {Reyes, M. and P{\'{a}}ez, A. and Morency, C.},
   title = {Walking accessibility to urban parks by children: A case study of Montreal},
   journal = {Landscape and Urban Planning},
   volume = {125},
   pages = {38-47},
   ISSN = {0169-2046},
   DOI= {10.1016/j.landurbplan.2014.02.002},
   url = {<Go to ISI>://WOS:000336465700004},
   year = {2014},
   type = {Journal Article}
}

@article{Simini2012,
  title={A universal model for mobility and migration patterns},
  author={Simini, Filippo and Gonz{\'a}lez, Marta C and Maritan, Amos and Barab{\'a}si, Albert-L{\'a}szl{\'o}},
  journal={Nature},
  volume={484},
  number={7392},
  pages={96},
  year={2012},
  publisher={Nature Publishing Group}
}

@article{Sarlas2019,
  title={Commuting distance and individual accessibility},
  author={Sarlas, Georgios and Axhausen, Kay W},
  journal={Arbeitsberichte Verkehrs-und Raumplanung},
  volume={1376},
  year={2018},
  publisher={IVT, ETH Zurich}
}

@inproceedings{Sarlas2019a,
author = {Sarlas, G. and Kouvelas, A.},
booktitle  = {MT-ITS 2019, Krakow, Poland},
title = {Analysis of Urban Traffic Network Vulnerability and Classification of Signalized Intersections},
year = {2019}

}

@article{Sarlas2015,
	journal = {{Arbeitsberichte Verkehrs-und Raumplanung, IVT, ETH Zurich}},
	volume = {1094},
	author={Sarlas, G. and Axhausen, K.W.},
	publisher = {IVT, ETH Zurich},
	year = {2015},
	adress = {Zürich},
	title = {{Prediction of AADT on a nationwide network based on an accessibility-weighted centrality measure}}
}

@article{Scott2006,
author = {Scott, D.M. and Novak, D.C. and Aultman-Hall, L. and Guo, F.},
journal = {Journal of Transport Geography},
number = {3},
pages = {215--227},
title = {{Network Robustness Index: A new method for identifying critical links and evaluating the performance of transportation networks}},
volume = {14},
year = {2006}
}

@article{Shimbel1953,
   author = {Shimbel, A.},
   title = {Structural parameters of communication networks},
   journal = {The Bulletin of Mathematical Biophysics},
   volume = {15},
   number = {4},
   pages = {501-507},
   ISSN = {0007-4985},
   year = {1953},
   type = {Journal Article}
}

@article{Scott1997impacts,
  title={Impacts of commuting efficiency on congestion and emissions: case of the Hamilton CMA, Canada},
  author={Scott, D.M. and Kanaroglou, P.S. and Anderson, W.P},
  journal={Transportation Research Part D: Transport and Environment},
  volume={2},
  number={4},
  pages={245--257},
  year={1997},
  }

@article{Schuurman2010,
   author = {Schuurman, N. and Berube, M. and Crooks, V. A.},
   title = {Measuring potential spatial access to primary health care physicians using a modified gravity model},
   journal = {Canadian Geographer-Geographe Canadien},
   volume = {54},
   number = {1},
   pages = {29-45},
   ISSN = {0008-3658},
   DOI= {10.1111/j.1541-0064.2009.00301.x},
   url = {<Go to ISI>://WOS:000275205000004},
   year = {2010},
   type = {Journal Article}
}

@article{Shah2016,
   author = {Shah, T. I. and Bell, S. and Wilson, K.},
   title = {Spatial Accessibility to Health Care Services: Identifying under-Serviced Neighbourhoods in Canadian Urban Areas},
   journal = {PLoS One},
   volume = {11},
   number = {12},
   ISSN = {1932-6203},
   DOI= {10.1371/journal.pone.0168208},
   url = {<Go to ISI>://WOS:000392842900027},
   year = {2016},
   type = {Journal Article}
}

@article{Shi2012,
  title={Spatial access and local demand for major cancer care facilities in the United States},
  author={Shi, X. and Alford-Teaster, J. and Onega, T. and Wang, D.},
  journal={Annals of the Association of American Geographers},
  volume={102},
  number={5},
  pages={1125--1134},
  year={2012},
  publisher={Taylor \& Francis}
}

@article{Sohn2006,
author = {Sohn, J.},
doi = {10.1016/j.tra.2005.08.006},
isbn = {0965-8564},
issn = {09658564},
journal = {Transportation Research Part A: Policy and Practice},
keywords = {Accessibility,Distance,Flood,Highway network disruption,Maryland,Traffic volume},
number = {6},
pages = {491--506},
pmid = {19550210},
title = {{Evaluating the significance of highway network links under the flood damage: An accessibility approach}},
volume = {40},
year = {2006}
}

@article{Song2013,
   author = {Song, P. G. and Zhu, Y. J. and Mao, X. and Li, Q. and An, L.},
   title = {Assessing Spatial Accessibility to Maternity Units in Shenzhen, China},
   journal = {Plos One},
   volume = {8},
   number = {7},
   pages = {7},
   ISSN = {1932-6203},
   DOI= {10.1371/journal.pone.0070227},
   url = {<Go to ISI>://WOS:000322391400085},
   year = {2013},
   type = {Journal Article}
}

@article{Spinney2013,
   author = {Spinney, J. E. L. and Millward, H.},
   title = {Investigating travel thresholds for sports and recreation activities},
   journal = {Environment and Planning B-Planning and Design},
   volume = {40},
   number = {3},
   pages = {474-488},
   ISSN = {0265-8135},
   DOI= {10.1068/b37161},
   url = {<Go to ISI>://WOS:000319558100006},
   year = {2013},
   type = {Journal Article}
}

@article{Starfield2005,
   author = {Starfield, B. and Shi, L. and Macinko, J.},
   title = {Contribution of Primary Care to Health Systems and Health},
   journal = {The Milbank Quarterly},
   volume = {83},
   number = {3},
   pages = {457-502},
   year = {2005},
   type = {Journal Article},
}

@article{Stouffer1940,
   author = {Stouffer, S.A.},
   title = {Intervening opportunities: a theory relating mobility and distance},
   journal = {American sociological review},
   volume = {5},
   number = {6},
   pages = {845-867},
   ISSN = {0003-1224},
   year = {1940},
   type = {Journal Article}
}


@article{Tao2018,
   author = {Tao, Z. L. and Yao, Z. X. and Kong, H. and Duan, F. and Li, G. C.},
   title = {Spatial accessibility to healthcare services in Shenzhen, China: improving the multi-modal two-step floating catchment area method by estimating travel time via online map APIs},
   journal = {BMC Health Services Research},
   volume = {18},
   number = {345},
   ISSN = {1472-6963},
   DOI= {10.1186/s12913-018-3132-8},
   url = {<Go to ISI>://WOS:000431925500006},
   year = {2018},
   type = {Journal Article}
}

@article{TaoCheng2018,
  title={Modelling the spatial accessibility of the elderly to healthcare services in Beijing, China},
  author={Tao, Z. and Cheng, Y.},
  journal={Environment and Planning B: Urban Analytics and City Science},
  pages={2399808318755145},
  year={2018},
  publisher={SAGE Publications Sage UK: London, England}
}

@article{Taylor1971,
   author = {Taylor, P.J.},
   title = {Distance Transformation and Distance Decay Functions},
   journal = {Geographical Analysis},
   volume = {3},
   number = {3},
   pages = {221-238},
   DOI= {doi:10.1111/j.1538-4632.1971.tb00364.x},
   url = {https://onlinelibrary.wiley.com/doi/abs/10.1111/j.1538-4632.1971.tb00364.x},
   year = {1971},
   type = {Journal Article}
}

@book{Taylor2017,
author = {Taylor, M.A.P.},
booktitle = {Vulnerability Analysis for Transportation Networks},
doi = {10.1016/B978-0-12-811010-2.00005-8},
isbn = {9780128110102},
pages = {127--173},
title = {{Accessibility Methods}},
year = {2017}
}

@article{Taylor2006,
author = {Taylor, M.A.P. and Sekhar, S.V.C. and D'Este, G.M.},
doi = {10.1007/s11067-006-9284-9},
isbn = {1566-113X},
issn = {1566113X},
journal = {Networks and Spatial Economics},
keywords = {Accessibility,Network reliability,Network vulnerability,Regional development,Road network},
number = {3-4},
pages = {267--291},
pmid = {28605090},
title = {{Application of accessibility based methods for vulnerability analysis of strategic road networks}},
volume = {6},
year = {2006}
}

@Article{Tennekes2018tmap,
    title = {{tmap}: Thematic Maps in {R}},
    author = {Tennekes, M.},
    journal = {Journal of Statistical Software},
    year = {2018},
    volume = {84},
    number = {6},
    pages = {1--39},
    doi = {10.18637/jss.v084.i06},
  }

@article{Terner2011,
   author = {Michael Terner, Ben Reason Ali Moses McKeag Brenda Tipper and Greg, Webster},
   title = {Chronic Conditions More Than Age Drive Health System Use in Canadian Seniors},
   journal = {Healthcare Quarterly},
   volume = {14},
   number = {3},
   pages = {19-22},
   ISSN = {1710-2774},
   url = {http://www.longwoods.com/product/22485},
   year = {2011},
   type = {Journal Article}
}

@article{Tobler1970,
  title={A computer movie simulating urban growth in the Detroit region},
  author={Tobler, Waldo R},
  journal={Economic geography},
  volume={46},
  number={sup1},
  pages={234--240},
  year={1970},
  publisher={Taylor and Francis}
}

@article{Tobler1979,
   author = {Tobler, W. R.},
   title = {Smooth Pycnophylactic Interpolation for Geographical Regions},
   journal = {Journal of the American Statistical Association},
   volume = {74},
   number = {367},
   pages = {519-530},
   url = {ISI:A1979HS22400001
C:/Papers/Journal of the American Statistical Association/Journal of the American Statistical Association (1979) 74 (367) 519-530.pdf},
   year = {1979},
   type = {Journal Article}
}

@article{Vadrevu2016,
   author = {Vadrevu, L. and Kanjilal, B.},
   title = {Measuring spatial equity and access to maternal health services using enhanced two step floating catchment area method (E2SFCA) - a case study of the Indian Sundarbans},
   journal = {International Journal for Equity in Health},
   volume = {15},
   ISSN = {1475-9276},
   DOI= {10.1186/s12939-016-0376-y},
   url = {<Go to ISI>://WOS:000377573000001},
   year = {2016},
   type = {Journal Article}
}

@article{Vickerman1999,
   author = {Vickerman, R. and Spiekermann, K. and Wegener, M.},
   title = {Accessibility and economic development in Europe},
   journal = {Regional Studies},
   volume = {33},
   number = {1},
   pages = {1-15},
   url = {ISI:000078687200001},
   year = {1999},
   type = {Journal Article}
}

@article{Wan2012,
   author = {Wan, N. and Zou, B. and Sternberg, T.},
   title = {A three-step floating catchment area method for analyzing spatial access to health services},
   journal = {International Journal of Geographical Information Science},
   volume = {26},
   number = {6},
   pages = {1073-1089},
   ISSN = {1365-8816},
   DOI= {10.1080/13658816.2011.624987},
   url = {<Go to ISI>://WOS:000304674700006},
   year = {2012},
   type = {Journal Article}
}

@article{Wan2012SPAR,
  title={A relative spatial access assessment approach for analyzing potential spatial access to colorectal cancer services in Texas},
  author={Wan, Neng and Zhan, F Benjamin and Zou, Bin and Chow, Edwin},
  journal={Applied Geography},
  volume={32},
  number={2},
  pages={291--299},
  year={2012},
}

@article{Wang2005,
  title={Assessing spatial and nonspatial factors for healthcare access: towards an integrated approach to defining health professional shortage areas},
  author={Wang, Fahui and Luo, Wei},
  journal={Health and Place},
  volume={11},
  number={2},
  pages={131--146},
  year={2005},
}

@article{Wang2007,
  title={Immigration, ethnicity, and accessibility to culturally diverse family physicians},
  author={Wang, Lu},
  journal={Health and Place},
  volume={13},
  number={3},
  pages={656--671},
  year={2007},
}

@article{Wan2012,
   author = {Wan, N. and Zou, B. and Sternberg, T.},
   title = {A three-step floating catchment area method for analyzing spatial access to health services},
   journal = {International Journal of Geographical Information Science},
   volume = {26},
   number = {6},
   pages = {1073-1089},
   ISSN = {1365-8816},
   DOI= {10.1080/13658816.2011.624987},
   url = {<Go to ISI>://WOS:000304674700006},
   year = {2012},
   type = {Journal Article}
}

@article{Wang2018,
   author = {Wang, F. H.},
   title = {Inverted Two-Step Floating Catchment Area Method for Measuring Facility Crowdedness},
   journal = {Professional Geographer},
   volume = {70},
   number = {2},
   pages = {251-260},
   ISSN = {0033-0124},
   DOI= {10.1080/00330124.2017.1365308},
   url = {<Go to ISI>://WOS:000426115800008},
   year = {2018},
   type = {Journal Article}
}

@book{Wasserman1994social,
   author = {Wasserman, S. and Faust, K. and Iacobucci, D.},
   title = {Social Network Analysis: Methods and Applications},
   publisher = {Cambridge University Press},
   address = {Cambridge},
   year = {1994},
   type = {Book}
}

@Article{Wickham2011plyr,
    title = {The Split-Apply-Combine Strategy for Data Analysis},
    author = {Wickham, H.},
    journal = {Journal of Statistical Software},
    year = {2011},
    volume = {40},
    number = {1},
    pages = {1--29},
    url = {http://www.jstatsoft.org/v40/i01/},
  }

@Article{Wickham2007reshape,
    author = {Wickham, H.},
    journal = {Journal of Statistical Software},
    number = {12},
    title = {Reshaping data with the reshape package},
    url = {http://www.jstatsoft.org/v21/i12/paper},
    volume = {21},
    year = {2007},
  }

@Manual{Wickham2017tidyverse,
    title = {tidyverse: Easily Install and Load the 'Tidyverse'},
    author = {Hadley Wickham},
    year = {2017},
    note = {R package version 1.2.1},
    url = {https://CRAN.R-project.org/package=tidyverse},
  }

@article{Widener2017,
   author = {Widener, M. J.},
   title = {Comparing Measures of Accessibility to Urban Supermarkets for Transit and Auto Users},
   journal = {Professional Geographer},
   volume = {69},
   number = {3},
   pages = {362-371},
   ISSN = {0033-0124},
   DOI= {10.1080/00330124.2016.1237293},
   url = {<Go to ISI>://WOS:000403790200003},
   year = {2017},
   type = {Journal Article}
}

@Manual{Xie2019knitr,
    title = {knitr: A General-Purpose Package for Dynamic Report Generation in R},
    author = {Xie, Y.},
    year = {2019},
    note = {R package version 1.22},
    url = {https://yihui.name/knitr/},
  }
  
    @Book{Xie2015dynamic,
    title = {Dynamic Documents with {R} and knitr},
    author = {Xie, Y.},
    publisher = {Chapman and Hall/CRC},
    address = {Boca Raton, Florida},
    year = {2015},
    edition = {2nd},
    note = {ISBN 978-1498716963},
    url = {https://yihui.name/knitr/},
  }

@article{Xing2018,
   author = {Xing, L. J. and Liu, Y. F. and Liu, X. J.},
   title = {Measuring spatial disparity in accessibility with a multi-mode method based on park green spaces classification in Wuhan, China},
   journal = {Applied Geography},
   volume = {94},
   pages = {251-261},
   ISSN = {0143-6228},
   DOI= {10.1016/j.apgeog.2018.03.014},
   url = {<Go to ISI>://WOS:000432233800021},
   year = {2018},
   type = {Journal Article}
}

@article{Yang2006,
  title={Comparing GIS-based methods of measuring spatial accessibility to health services},
  author={Yang, Duck-Hye and Goerge, Robert and Mullner, Ross},
  journal={Journal of Medical Systems},
  volume={30},
  number={1},
  pages={23--32},
  year={2006},
  publisher={Springer}
}

@article{Yu2012,
   author = {Yu, D. W. and Tan, H. W. and Ruan, Y. J.},
   title = {An improved two-step floating catchment area method for supporting district building energy planning: A case study of Yongding County city, China},
   journal = {Applied Energy},
   volume = {95},
   pages = {156-163},
   ISSN = {0306-2619},
   DOI= {10.1016/j.apenergy.2012.02.036},
   url = {<Go to ISI>://WOS:000303365900018},
   year = {2012},
   type = {Journal Article}
}

@Manual{Zhu2018,
    title = {kableExtra: Construct Complex Table with 'kable' and Pipe Syntax},
    author = {Zhu, H.},
    year = {2019},
    note = {R package version 1.1.0},
    url = {https://CRAN.R-project.org/package=kableExtra},
  }

